<record><leader>00000cas a22000007a 4500</leader><controlfield tag="001">12742869</controlfield><controlfield tag="008">851031d19511952njudn ne      0    0eng d</controlfield><datafield ind1=" " ind2=" " tag="010"><subfield code="a">sn 85036112 </subfield></datafield><datafield ind1=" " ind2=" " tag="040"><subfield code="a">NPA</subfield><subfield code="b">eng</subfield><subfield code="c">NPA</subfield><subfield code="d">OCLCQ</subfield></datafield><datafield ind1=" " ind2=" " tag="042"><subfield code="a">msc</subfield></datafield><datafield ind1="0" ind2="4" tag="245"><subfield code="a">The Jersey observer now in the Jersey journal.</subfield></datafield><datafield ind1="1" ind2="3" tag="246"><subfield code="a">All the news services, features and local news of the Jersey observer now in the Jersey journal</subfield></datafield><datafield ind1=" " ind2=" " tag="260"><subfield code="a">Jersey City, N.J. :</subfield><subfield code="b">Evening Journal Association,</subfield><subfield code="c">-1952.</subfield></datafield><datafield ind1=" " ind2=" " tag="300"><subfield code="a">v. :</subfield><subfield code="b">ill.</subfield></datafield><datafield ind1=" " ind2=" " tag="310"><subfield code="a">Daily (except Sun.)</subfield></datafield><datafield ind1="0" ind2=" " tag="362"><subfield code="a">-v. 86, no. 77 (Aug. 1, 1952).</subfield></datafield><datafield ind1="1" ind2=" " tag="362"><subfield code="a">Began with Nov. 19, 1951 issue.</subfield><subfield code="z">Cf. Wright, W.C. and Stellhorn, P.A. Direct. of N.J. newspapers.</subfield></datafield><datafield ind1=" " ind2=" " tag="530"><subfield code="a">Also issued on microfilm by Norton Micro Images.</subfield></datafield><datafield ind1=" " ind2=" " tag="580"><subfield code="a">Issued as the Hoboken and all-county home final edition, while the Jersey journal including all the news services, features and local news of the Jersey observer was the City final-Jersey City and Bayonne edition.</subfield></datafield><datafield ind1=" " ind2=" " tag="580"><subfield code="a">Formed by the union of: Jersey observer, and: Jersey journal.</subfield></datafield><datafield ind1=" " ind2=" " tag="588"><subfield code="a">Description based on: Vol. 85, no. 190 (Dec. 13, 1951).</subfield></datafield><datafield ind1=" " ind2=" " tag="752"><subfield code="a">United States</subfield><subfield code="b">New Jersey</subfield><subfield code="c">Hudson</subfield><subfield code="d">Jersey City.</subfield></datafield><datafield ind1="1" ind2=" " tag="775"><subfield code="t">Jersey journal including all the news services, features and local news of the Jersey observer</subfield><subfield code="w">(DLC)sn 85036111</subfield></datafield><datafield ind1="1" ind2="4" tag="780"><subfield code="t">Jersey observer</subfield><subfield code="w">(DLC)sn 84026051</subfield></datafield><datafield ind1="1" ind2="4" tag="780"><subfield code="t">Jersey journal</subfield><subfield code="w">(DLC)sn 84020453</subfield></datafield><datafield ind1="0" ind2="0" tag="785"><subfield code="t">Jersey observer and Jersey journal</subfield><subfield code="w">(DLC)sn 85036113</subfield></datafield></record>